% Encoding: UTF-8

@String{aaai        = {{AAAI Conference on Artificial Intelligence~(AAAI)}}}
@String{acl         = {{Annual Meeting of the Association for Computational Linguistics}}}
@String{aisdac      = {{{ACM} International Symposium on Design Automation Conference~(DAC) }}}
@String{aisec       = {{ACM Workshop on Artificial Intelligence and Security}}}
@String{aistats     = {{International Conference on Artificial Intelligence and Statistics~(AISTATS)}}}
@String{asiaccs     = {{ACM Asia Conference on Computer and Communications Security}}}
@String{asigsac     = {{{ACM} {SIGSAC} Conference on Computer and Communications Security}}}
@String{atact       = {{Annual International Conference on the Theory and Applications of Cryptographic Techniques}}}
@String{bmvc        = {{British Machine Vision Conference~(BMVC)}}}
@String{colt        = {{Conference on Learning Theory~(COLT)}}}
@String{crypto      = {{International Cryptology Conference~(CRYPTO)}}}
@String{cvpr        = {{IEEE Conference on Computer Vision and Pattern Recognition~(CVPR)}}}
@String{eccv        = {{European Conference on Computer Vision~(ECCV)}}}
@String{emnlp       = {{Empirical Methods in Natural Language Processing~(EMNLP)}}}
@String{focs        = {{Annual Symposium on Foundations of Computer Science~(FOCS}}}
@String{hasp        = {{Hardware and Architectural Support for Security and Privacy~(HASP}}}
@String{icassp      = {{IEEE international conference on acoustics, speech and signal processing~(ICASSP)}}}
@String{iccaiv      = {{International Conference on Computer Aided Verification}}}
@String{iccv        = {{International Conference on Computer Vision~(ICCV)}}}
@String{icdm        = {{IEEE International Conference on Data Mining~(ICDM)}}}
@String{iclr        = {{International Conference on Learning Representations~(ICLR)}}}
@String{iclrws      = {{Worshop Track in the International Conference on Learning Representations}}}
@String{icml        = {{International Conference on Machine Learning~(ICML)}}}
@String{icra        = {{IEEE International Conference on Robotics and Automation~(ICRA)}}}
@String{icss        = {{International Conference on System Sciences}}}
@String{ictacis     = {{International Conference on the Theory and Applications of Cryptology and Information Security}}}
@String{ijcnn       = {{International Joint Conference on Neural Networks~(IJCNN)}}}
@String{ijcv        = {{International Journal of Computer Vision (IJCV)}}}
@String{interspeech = {{Annual Conference of the International Speech Communication Association~(INTERSPEECH)}}}
@String{isatva      = {{International Symposium on Automated Technology for Verification and Analysis}}}
@String{isp         = {{IEEE Symposium on Security and Privacy (SP)}}}
@String{jmlr        = {Journal of Machine Learning Research~(JMLR)}}
@String{miccai      = {{Medical Image Computing and Computer Assisted Intervention~(MICCAI)}}}
@String{neurips     = {{Conference on Neural Information Processing Systems~(NeurIPS)}}}
@String{sigkdd      = {{{ACM} {SIGKDD} International Conference on Knowledge Discovery and Data mining }}}
@String{stoc        = {{ACM Symposium on Theory of Computing~(STOC)}}}
@String{uai         = {{Conference on Uncertainty in Artificial Intelligence~(UAI}}}
@String{usenix      = {{{USENIX} Conference on Security Symposium}}}

%### N ###

@Article{goodhart1984problems,
  author    = {Goodhart, Charles AE},
  title     = {Problems of monetary management: the UK experience},
  booktitle = {Monetary Theory and Practice},
  year      = {1984},
}

@InProceedings{simonyan2014very,
  author    = {Simonyan, Karen and Zisserman, Andrew},
  booktitle = iclr,
  title     = {{Very deep convolutional networks for large-scale image recognition}},
  year      = {2015},
}

@InProceedings{JVC:2018,
  author    = {Juvekar, Chiraag and Vaikuntanathan, Vinod and Chandrakasan, Anantha},
  booktitle = usenix,
  title     = {{Gazelle: A Low Latency Framework for Secure Neural Network Inference}},
  year      = {2018},
}

@InProceedings{Luong2015,
  author    = {Thang Luong and Hieu Pham and Christopher D. Manning},
  booktitle = emnlp,
  title     = {Effective Approaches to Attention-based Neural Machine Translation},
  year      = {2015},
}

@Article{Kearns1998,
  author  = {Michael Kearns},
  title   = {Efficient noise-tolerant learning from statistical queries},
  journal = {Journal of the {ACM}},
  year    = {1998},
}

@Article{Yoshida2017,
  author  = {Yuichi Yoshida and Takeru Miyato},
  title   = {Spectral Norm Regularization for Improving the Generalizability of Deep Learning},
  journal = {arXiv:1705.10941, 2017.},
  year    = {2017},
}

@InProceedings{Corduneanu2012,
  author    = {Adrian Corduneanu and Tommi S. Jaakkola},
  booktitle = uai,
  title     = {On Information Regularization},
  year      = {2002},
}

@Article{Raghunathan2019,
  author  = {Aditi Raghunathan and Sang Michael Xie and Fanny Yang and John C. Duchi and Percy Liang},
  title   = {Adversarial Training Can Hurt Generalization},
  journal = {arXiv:1906.06032},
  year    = {2019},
}

@InProceedings{ZHMD:2016,
  author    = {Zhu, Chenzhuo and Han, Song and Mao, Huizi and Dally, William J},
  booktitle = iclr,
  title     = {{Trained ternary quantization}},
  year      = {2017},
}

@InProceedings{batcher_sorting_1968,
  author    = {Batcher, Kenneth E},
  booktitle = {AFIPS Spring Joint Computing Conference},
  title     = {Sorting Networks and Their Applications},
  year      = {1968},
}

@Article{Yin2019detection,
  author  = {Xuwang Yin and Soheil Kolouri and Gustavo K. Rohde},
  title   = {Adversarial Example Detection and Classification With Asymmetrical Adversarial Training},
  journal = {arXiv:1905.11475},
  year    = {2019},
}

@InProceedings{jain2010guaranteed,
  author    = {Jain, Prateek and Meka, Raghu and Dhillon, Inderjit S},
  booktitle = neurips,
  title     = {Guaranteed rank minimization via singular value projection},
  year      = {2010},
}

@Article{MLH:2018,
  author  = {Meehan, Anthony and Ko, Ryan K L and Holmes, Geoff},
  title   = {Deep Learning Inferences with Hybrid Homomorphic Encryption},
  url     = {https://openreview.net/forum?id=ByCPHrgCW},
  journal = {OpenReview},
  year    = {2018},
}

@InProceedings{he2015delving,
  author    = {He, Kaiming and Zhang, Xiangyu and Ren, Shaoqing and Sun, Jian},
  booktitle = iccv,
  title     = {Delving deep into rectifiers: Surpassing human-level performance on imagenet classification},
  year      = {2015},
}

@InProceedings{Lyu2015,
  author    = {Chunchuan Lyu and Kaizhu Huang and Hai-Ning Liang},
  booktitle = icdm,
  title     = {A Unified Gradient Regularization Family for Adversarial Examples},
  year      = {2015},
}

@Article{dumoulin2017learned,
  author  = {Dumoulin, Vincent and Shlens, Jonathon and Kudlur, Manjunath},
  title   = {A learned representation for artistic style},
  journal = iclr,
  year    = {2017},
}

@InProceedings{LBBH:1998,
  author  = {LeCun, Yann and Bottou, L{\'{e}}on and Bengio, Yoshua and Haffner, Patrick},
  title   = {{Gradient-based learning applied to document recognition}},
  journal = {Proceedings of the IEEE},
  year    = {1998},
}

@Article{Wu2016,
  author  = {Yonghui Wu and Mike Schuster and Zhifeng Chen and Quoc V. Le and Mohammad Norouzi and Wolfgang Macherey and Maxim Krikun and Yuan Cao and Qin Gao and Klaus Macherey and Jeff Klingner and Apurva Shah and Melvin Johnson and Xiaobing Liu and Lukasz Kaiser and Stephan Gouws and Yoshikiyo Kato and Taku Kudo and Hideto Kazawa and Keith Stevens and George Kurian and Nishant Patil and Wei Wang and Cliff Young and Jason Smith and Jason Riesa and Alex Rudnick and Oriol Vinyals and Greg Corrado and Macduff Hughes and Jeffrey Dean},
  title   = {Google's Neural Machine Translation System: Bridging the Gap between Human and Machine Translation},
  journal = {arXiv:1609.08144},
  year    = {2016},
}

@InProceedings{salimans2016improved,
  author    = {Salimans, Tim and Goodfellow, Ian and Zaremba, Wojciech and Cheung, Vicki and Radford, Alec and Chen, Xi},
  booktitle = neurips,
  title     = {Improved techniques for training gans},
  year      = {2016},
}

@Misc{pixsy,
  title        = {Pixsy Image Search},
  howpublished = {\url{https://www.pixsy.com/monitor/}},
  note         = {Accessed: 2020-05-10},
}

@InProceedings{huang2017safety,
  author    = {Huang, Xiaowei and Kwiatkowska, Marta and Wang, Sen and Wu, Min},
  booktitle = iccaiv,
  title     = {Safety verification of deep neural networks},
  year      = {2017},
}

@InProceedings{Chen2017,
  author    = {Yunpeng Chen and Jianan Li and Huaxin Xiao and Xiaojie Jin and Shuicheng Yan and Jiashi Feng},
  booktitle = neurips,
  title     = {Dual Path Networks},
  year      = {2017},
}

@InProceedings{vaswani2017attention,
  author    = {Vaswani, Ashish and Shazeer, Noam and Parmar, Niki and Uszkoreit, Jakob and Jones, Llion and Gomez, Aidan N and Kaiser, {\L}ukasz and Polosukhin, Illia},
  booktitle = neurips,
  title     = {Attention is all you need},
  year      = {2017},
}

@Article{Hinton2015distillation,
  author  = {Geoffrey Hinton and Oriol Vinyals and Jeff Dean},
  title   = {Distilling the Knowledge in a Neural Network},
  journal = {NIPS Workshop on Deep Learning and Representation Learning},
  year    = {2015},
}

@InProceedings{vapnik1992principles,
  author    = {Vapnik, Vladimir},
  booktitle = neurips,
  title     = {Principles of risk minimization for learning theory},
  year      = {1992},
}

@InProceedings{Yao1986,
  author    = {Andrew Chi-Chih Yao},
  booktitle = focs,
  title     = {How to generate and exchange secrets},
  year      = {1986},
}

@Article{Mirza2014,
  author  = {Mirza, Mehdi and Osindero, Simon},
  title   = {Conditional generative adversarial nets},
  journal = {arXiv:1411.1784},
  year    = {2014},
}

@Article{Yao07onearly,
  author  = {Yuan Yao and Lorenzo Rosasco and Andrea Caponnetto},
  title   = {On early stopping in gradient descent learning},
  journal = {Constructive Approximation},
  year    = {2007},
}

@InProceedings{Lecuyer2019DP,
  author    = {Mathias Lecuyer and Vaggelis Atlidakis and Roxana Geambasu and Daniel Hsu and Suman Jana},
  booktitle = isp,
  title     = {Certified Robustness to Adversarial Examples with Differential Privacy},
  year      = {2019},
}

@InProceedings{Huang2017,
  author    = {Huang, Gao and Liu, Zhuang and Van Der Maaten, Laurens and Weinberger, Kilian Q},
  booktitle = cvpr,
  title     = {Densely Connected Convolutional Networks},
  year      = {2017},
}

@InProceedings{Guo2017,
  author    = {Chuan Guo and Geoff Pleiss and Yu Sun and Kilian Q Weinberger},
  booktitle = icml,
  title     = {{On Calibration of Modern Neural Networks}},
  year      = {2017},
}

@InProceedings{Netzer2011,
  author    = {Netzer, Yuval and Wang, Tao and Coates, Adam and Bissacco, Alessandro and Wu, Bo and Ng, Andrew Y},
  booktitle = {NIPS Workshop on Deep Learning and Unsupervised Feature Learning},
  title     = {Reading Digits in Natural Images with Unsupervised Feature Learning},
  year      = {2011},
}

@InProceedings{Nixon2019,
  author    = {Jeremy Nixon and Michael W. Dusenberry and Linchuan Zhang and Ghassen Jerfel and Dustin Tran},
  booktitle = cvpr,
  title     = {Measuring Calibration in Deep Learning},
  year      = {2019},
}

@InProceedings{SzegedyVISW16,
  author    = {Christian Szegedy and Vincent Vanhoucke and Sergey Ioffe and Jonathon Shlens and Zbigniew Wojna},
  booktitle = cvpr,
  title     = {Rethinking the Inception Architecture for Computer Vision},
  year      = {2016},
}

@Misc{gmcruise,
  title        = {GM Cruise},
  howpublished = {\url{https://www.getcruise.com/technology}},
  note         = {Accessed: 2020-05-10},
}

@InProceedings{HZRS:2016,
  author    = {He, Kaiming and Zhang, Xiangyu and Ren, Shaoqing and Sun, Jian},
  booktitle = cvpr,
  title     = {Deep Residual Learning for Image Recognition},
  year      = {2016},
}

@InProceedings{CHZX:2017,
  author    = {Chen, Xi and Hu, Xiaolin and Zhou, Hucheng and Xu, Ningyi},
  booktitle = ijcnn,
  title     = {FxpNet: Training a deep convolutional neural network in fixed-point representation},
  year      = {2017},
}

@InProceedings{belkin18akernel,
  author    = {Belkin, Mikhail and Ma, Siyuan and Mandal, Soumik},
  booktitle = icml,
  title     = {To Understand Deep Learning We Need to Understand Kernel Learning},
  year      = {2018},
}

@InProceedings{Kim2018attention,
  author    = {Kim, Wonsik and Goyal, Bhavya and Chawla, Kunal and Lee, Jungmin and Kwon, Keunjoo},
  booktitle = eccv,
  title     = {Attention-based Ensemble for Deep Metric Learning},
  year      = {2018},
}

@InProceedings{CWTWC:2015,
  author    = {Chen, Wenlin and Wilson, James and Tyree, Stephen and Weinberger, Kilian and Chen, Yixin},
  booktitle = icml,
  title     = {{Compressing neural networks with the hashing trick}},
  year      = {2015},
}

@InProceedings{degwekar19a,
  author    = {Degwekar, Akshay and Nakkiran, Preetum and Vaikuntanathan, Vinod},
  booktitle = colt,
  title     = {Computational Limitations in Robust Classification and Win-Win Results},
  year      = {2019},
}

@InProceedings{athalye2018obfuscated,
  author    = {Anish Athalye and Nicholas Carlini and David Wagner},
  booktitle = icml,
  title     = {Obfuscated Gradients Give a False Sense of Security: Circumventing Defenses to Adversarial Examples},
  year      = {2018},
}

@InProceedings{Sennrich2015,
  author    = {Rico Sennrich and Barry Haddow and Alexandra Birch},
  booktitle = acl,
  title     = {Neural Machine Translation of Rare Words with Subword Units},
  year      = {2015},
}

@InProceedings{Mao2020,
  author    = {Chengzhi Mao and Amogh Gupta and Vikram Nitin and Baishakhi Ray and Shuran Song and Junfeng Yang and Carl Vondrick},
  booktitle = eccv,
  title     = {Multitask Learning Strengthens Adversarial Robustness},
  year      = {2020},
}

@InProceedings{Gulrajani2017,
  author    = {Ishaan Gulrajani and Faruk Ahmed and Martin Arjovsky and Vincent Dumoulin and Aaron Courville},
  booktitle = neurips,
  title     = {Improved Training of Wasserstein GANs},
  year      = {2017},
}

@InProceedings{HS:2015,
  author    = {Halevi, Shai and Shoup, Victor},
  booktitle = atact,
  title     = {Bootstrapping for helib},
  year      = {2015},
}

@InProceedings{arora18b,
  author    = {Arora, Sanjeev and Ge, Rong and Neyshabur, Behnam and Zhang, Yi},
  booktitle = icml,
  title     = {Stronger Generalization Bounds for Deep Nets via a Compression Approach},
  year      = {2018},
}

@Misc{lengoo,
  title        = {Lengoo: Neural Machine Translation for Enterprise Use},
  howpublished = {\url{https://www.lengoo.com/ibb/}},
  note         = {Accessed: 2020-05-10},
}

@InProceedings{Miyato2018,
  author  = {Takeru Miyato and Masanori Koyama},
  title   = {cGANs with Projection Discriminator},
  journal = iclr,
  year    = {2018},
}

@InProceedings{Gehring2017,
  author    = {Jonas Gehring and Michael Auli and David Grangier and Denis Yarats and Yann N. Dauphin},
  booktitle = icml,
  title     = {Convolutional Sequence to Sequence Learning},
  year      = {2017},
}

@Article{Hastie2019,
  author  = {Trevor Hastie and Andrea Montanari and Saharon Rosset and Ryan J. Tibshirani},
  title   = {Surprises in High-Dimensional Ridgeless Least Squares Interpolation},
  journal = {arXiv:1903.08560},
  year    = {2019},
}

@Article{Brekke2019,
  author  = {Idar Johan Brekke and Lars H{\aa}land Puntervoll and Peter Bank Pedersen and John Kellett and Mikkel Brabrand},
  title   = {The value of vital sign trends in predicting and monitoring clinical deterioration: A systematic review},
  journal = {{PLOS} {ONE}},
  year    = {2019},
}

@InProceedings{Zheng2018,
  author  = {Shuxin Zheng and Qi Meng and Huishuai Zhang and Wei Chen and Nenghai Yu and Tie-Yan Liu},
  title   = {Capacity Control of ReLU Neural Networks by Basis-path Norm},
  journal = aaai,
  year    = {2018},
}

@InProceedings{Widmann2019,
  author    = {Widmann, David and Lindsten, Fredrik and Zachariah, Dave},
  booktitle = neurips,
  title     = {{Calibration tests in multi-class classification: A unifying framework}},
  year      = {2019},
}

@InProceedings{McKeen2016,
  author    = {Frank McKeen and Ilya Alexandrovich and Ittai Anati and Dror Caspi and Simon Johnson and Rebekah Leslie-Hurd and Carlos Rozas},
  booktitle = hasp,
  title     = {Intel{\textregistered} Software Guard Extensions (Intel{\textregistered} {SGX}) Support for Dynamic Memory Management Inside an Enclave},
  year      = {2016},
}

@InProceedings{Zhong2013ensemble,
  author    = {Zhong, Leon Wenliang and Kwok, James T.},
  booktitle = ijcai,
  title     = {Accurate Probability Calibration for Multiple Classifiers},
  year      = {2013},
}

@Misc{waymo,
  title        = {Waymo Driver},
  howpublished = {\url{https://waymo.com/waymo-driver/}},
  note         = {Accessed: 2020-05-10},
}

@Misc{bing,
  title        = {Microsoft Translator},
  howpublished = {\url{https://www.microsoft.com/en-us/translator/}},
  note         = {Accessed: 2020-05-10},
}

@InProceedings{montasser19a,
  author    = {Montasser, Omar and Hanneke, Steve and Srebro, Nathan},
  booktitle = colt,
  title     = {VC Classes are Adversarially Robustly Learnable, but Only Improperly},
  year      = {2019},
}

@Article{bishop1995training,
  author  = {Bishop, Chris M},
  title   = {Training with noise is equivalent to Tikhonov regularization},
  journal = {Neural computation},
  year    = {1995},
}

@InProceedings{HMD:2016,
  author    = {Han, Song and Mao, Huizi and Dally, William J},
  booktitle = iclr,
  title     = {Deep Compression: Compressing Deep Neural Network with Pruning, Trained Quantization and Huffman Coding},
  url       = {https://arxiv.org/abs/1510.00149},
  year      = {2016},
}

@InProceedings{ren2015faster,
  author    = {Ren, Shaoqing and He, Kaiming and Girshick, Ross and Sun, Jian},
  booktitle = neurips,
  title     = {Faster r-cnn: Towards real-time object detection with region proposal networks},
  year      = {2015},
}

@InProceedings{yang2020randomized,
  author    = {Yang, Greg and Duan, Tony and Hu, Edward and Salman, Hadi and Razenshteyn, Ilya and Li, Jerry},
  booktitle = icml,
  title     = {Randomized Smoothing of All Shapes and Sizes},
  year      = {2020},
}

@InProceedings{Pennington2014,
  author    = {Jeffrey Pennington and Richard Socher and Christopher D Manning},
  booktitle = emnlp,
  title     = {{GloVe: Global Vectors for Word Representation}},
  year      = {2014},
}

@InProceedings{Bartlett2020,
  author  = {Peter L. Bartlett and Philip M. Long and G{\'{a}}bor Lugosi and Alexander Tsigler},
  title   = {Benign overfitting in linear regression},
  journal = {Proceedings of the National Academy of Sciences},
  year    = {2020},
}

@InProceedings{katz2017reluplex,
  author    = {Katz, Guy and Barrett, Clark and Dill, David L and Julian, Kyle and Kochenderfer, Mykel J},
  booktitle = iccaiv,
  title     = {Reluplex: An efficient SMT solver for verifying deep neural networks},
  year      = {2017},
}

@InProceedings{Stickland2020,
  author    = {Asa Cooper Stickland and Iain Murray},
  booktitle = {ICML Workshop on Uncertainty and Robustness in Deep Learning},
  title     = {Diverse Ensembles Improve Calibration},
  year      = {2020},
}

@InProceedings{CGGI:2016,
  author    = {Chillotti, Ilaria and Gama, Nicolas and Georgieva, Mariya and Izabachene, Malika},
  booktitle = ictacis,
  title     = {Faster fully homomorphic encryption: Bootstrapping in less than 0.1 seconds},
  year      = {2016},
}

@Article{Strack2014,
  author  = {Beata Strack and Jonathan P. DeShazo and Chris Gennings and Juan L. Olmo and Sebastian Ventura and Krzysztof J. Cios and John N. Clore},
  title   = {Impact of {HbA}1c Measurement on Hospital Readmission Rates: Analysis of 70,000 Clinical Database Patient Records},
  journal = {{BioMed} Research International},
  year    = {2014},
}

@Article{Jin2015robust,
  author  = {Jonghoon Jin and Aysegul Dundar and Eugenio Culurciello},
  title   = {Robust Convolutional Neural Networks under Adversarial Noise},
  journal = {arXiv:1511.06306},
  year    = {2015},
}

@Article{RAD:1978,
  author  = {Rivest, Ronald L and Adleman, Len and Dertouzos, Michael L},
  title   = {{On data banks and privacy homomorphisms}},
  journal = {Foundations of Secure Computation},
  year    = {1978},
}

@Article{Mohapatra2020,
  author  = {Jeet Mohapatra and Ching-Yun Ko and Tsui-Wei and Weng and Sijia Liu and Pin-Yu Chen and Luca Daniel},
  title   = {Rethinking Randomized Smoothing for Adversarial Robustness},
  journal = {arXiv:2003.01249},
  year    = {2020},
}

@InProceedings{imagenet_cvpr09,
  author    = {Deng, J. and Dong, W. and Socher, R. and Li, L.-J. and Li, K. and Fei-Fei, L.},
  booktitle = cvpr,
  title     = {ImageNet: A Large-Scale Hierarchical Image Database},
  year      = {2009},
}

@InProceedings{LJL+:2017,
  author    = {Liu, Jian and Juuti, Mika and Lu, Yao and Asokan, N},
  booktitle = asigsac,
  title     = {{Oblivious Neural Network Predictions via MiniONN transformations}},
  year      = {2017},
}

@Misc{TreeLSTM,
  title        = {{TreeLSTM}},
  howpublished = {\url{https://github.com/ttpro1995/TreeLSTMSentiment}},
  note         = {Accessed: 2019-05-22},
  key          = {TreeLSTM},
  year         = {2015},
}

@InProceedings{Zhang2018,
  author    = {Han Zhang and Ian Goodfellow and Dimitris Metaxas and Augustus Odena},
  booktitle = icml,
  title     = {Self-Attention Generative Adversarial Networks},
  year      = {2018},
}

@InProceedings{MZ:2017,
  author    = {Mohassel, Payman and Zhang, Yupeng},
  booktitle = isp,
  title     = {{Secureml: A system for scalable privacy-preserving machine learning}},
  year      = {2017},
}

@InProceedings{Zhang2019,
  author    = {Hongyang Zhang and Yaodong Yu and Jiantao Jiao and Eric P. Xing and Laurent El Ghaoui and Michael I. Jordan},
  booktitle = icml,
  title     = {Theoretically Principled Trade-off between Robustness and Accuracy},
  year      = {2019},
}

@InProceedings{kingma2014adam,
  author    = {Kingma, Diederik P and Ba, Jimmy},
  booktitle = iclr,
  title     = {Adam: A method for stochastic optimization},
  year      = {2014},
}

@InProceedings{Zhang2016,
  author  = {Zhang, Chiyuan and Bengio, Samy and Hardt, Moritz and Recht, Benjamin and Vinyals, Oriol},
  title   = {{Understanding deep learning requires rethinking generalization}},
  journal = iclr,
  year    = {2016},
}

@InProceedings{Tjeng2017,
  author    = {Vincent Tjeng and Kai Xiao and Russ Tedrake},
  booktitle = iclr,
  title     = {Evaluating Robustness of Neural Networks with Mixed Integer Programming},
  year      = {2017},
}

@InProceedings{bpr18,
  author    = {S{\'{e}}bastien Bubeck and Yin Tat Lee and Eric Price and Ilya P. Razenshteyn},
  booktitle = icml,
  title     = {Adversarial examples from computational constraints},
  year      = {2019},
}

@InProceedings{nagarajan2018deterministic,
  author    = {Vaishnavh Nagarajan and Zico Kolter},
  booktitle = iclr,
  title     = {Deterministic {PAC}-Bayesian generalization bounds for deep networks via generalizing noise-resilience},
  url       = {https://openreview.net/forum?id=Hygn2o0qKX},
  year      = {2019},
}

@TechReport{krizhevsky2009learning,
  author      = {Krizhevsky, Alex and Hinton, Geoffrey},
  institution = {University of Toronto},
  title       = {Learning multiple layers of features from tiny images},
  year        = {2009},
}

@Article{Kipnis2016,
  author  = {Patricia Kipnis and Benjamin J. Turk and David A. Wulf and Juan Carlos LaGuardia and Vincent Liu and Matthew M. Churpek and Santiago Romero-Brufau and Gabriel J. Escobar},
  title   = {Development and validation of an electronic medical record-based alert score for detection of inpatient deterioration outside the {ICU}},
  journal = {Journal of Biomedical Informatics},
  year    = {2016},
}

@InProceedings{tsipras2018robustness,
  author    = {Dimitris Tsipras and Shibani Santurkar and Logan Engstrom and Alexander Turner and Aleksander Madry},
  booktitle = iclr,
  title     = {Robustness May Be at Odds with Accuracy},
  url       = {https://openreview.net/forum?id=SyxAb30cY7},
  year      = {2019},
}

@Article{Rudelson2007,
  author  = {Mark Rudelson and Roman Vershynin},
  title   = {Sampling from large matrices},
  journal = {Journal of the {ACM}},
  year    = {2007},
}

@InProceedings{gulrajani2018towards,
  author    = {Ishaan Gulrajani and Colin Raffel and Luke Metz},
  booktitle = iclr,
  title     = {Towards {GAN} Benchmarks Which Require Generalization},
  url       = {https://openreview.net/forum?id=HkxKH2AcFm},
  year      = {2019},
}

@Article{Churpek2016,
  author  = {Matthew M. Churpek and Dana P. Edelson},
  title   = {Moving Beyond Single-Parameter Early Warning Scores for Rapid Response System Activation},
  journal = {Critical Care Medicine},
  year    = {2016},
}

@InProceedings{Yang2020,
  author    = {Yao-Yuan Yang and Cyrus Rashtchian and Hongyang Zhang and Ruslan Salakhutdinov and Kamalika Chaudhuri},
  booktitle = neurips,
  title     = {Adversarial Robustness Through Local Lipschitzness},
  year      = {2020},
}

@Article{imagenet,
  author  = {Olga Russakovsky and Jia Deng and Hao Su and Jonathan Krause and Sanjeev Satheesh and Sean Ma and Zhiheng Huang and Andrej Karpathy and Aditya Khosla and Michael Bernstein and Alexander C. Berg and Li Fei-Fei},
  title   = {{ImageNet Large Scale Visual Recognition Challenge}},
  journal = ijcv,
  year    = {2015},
}

@Article{AHWM:2017,
  author  = {Aono, Yoshinori and Hayashi, Takuya and Wang, Lihua and Moriai, Shiho and Others},
  title   = {{Privacy-Preserving Deep Learning via Additively Homomorphic Encryption}},
  journal = {IEEE Transactions on Information Forensics and Security},
  year    = {2017},
}

@InProceedings{Brock2016,
  author  = {Andrew Brock and Theodore Lim and J. M. Ritchie and Nick Weston},
  title   = {Neural Photo Editing with Introspective Adversarial Networks},
  journal = iclr,
  year    = {2016},
}

@InProceedings{papernot2016distillation,
  author    = {Papernot, Nicolas and McDaniel, Patrick and Wu, Xi and Jha, Somesh and Swami, Ananthram},
  booktitle = isp,
  title     = {Distillation as a defense to adversarial perturbations against deep neural networks},
  year      = {2016},
}

@InProceedings{Zhang2018a,
  author    = {Hongyi Zhang and Moustapha Ciss{\'{e}} and Yann N. Dauphin and David Lopez{-}Paz},
  booktitle = iclr,
  title     = {mixup: Beyond Empirical Risk Minimization},
  url       = {https://openreview.net/forum?id=r1Ddp1-Rb},
  year      = {2018},
}

@InProceedings{Ashukha2020Pitfalls,
  author    = {Arsenii Ashukha and Alexander Lyzhov and Dmitry Molchanov and Dmitry Vetrov},
  booktitle = iclr,
  title     = {Pitfalls of In-Domain Uncertainty Estimation and Ensembling in Deep Learning},
  year      = {2020},
}

@InProceedings{Mukhoti2020Focal,
  author  = {Jishnu Mukhoti and Viveka Kulharia and Amartya Sanyal and Stuart Golodetz and Philip H. S. Torr and Puneet K. Dokania},
  title   = {Calibrating Deep Neural Networks using Focal Loss},
  journal = neurips,
  year    = {2020},
}

@Article{Ding2020,
  author  = {Zhipeng Ding and Xu Han and Peirong Liu and Marc Niethammer},
  title   = {Local Temperature Scaling for Probability Calibration},
  journal = {arXiv:2008.05105},
  year    = {2020},
}

@InProceedings{Salimans2016,
  author    = {Tim Salimans and Diederik P. Kingma},
  booktitle = neurips,
  title     = {Weight Normalization: A Simple Reparameterization to Accelerate Training of Deep Neural Networks},
  year      = {2016},
}

@InProceedings{Tai2015,
  author    = {Cheng Tai and Tong Xiao and Yi Zhang and Xiaogang Wang and Weinan E},
  booktitle = iclr,
  title     = {Convolutional neural networks with low-rank regularization},
  year      = {2016},
}

@Article{Raftery2005,
  author  = {Adrian E. Raftery and Tilmann Gneiting and Fadoua Balabdaoui and Michael Polakowski},
  title   = {Using Bayesian Model Averaging to Calibrate Forecast Ensembles},
  journal = {Monthly Weather Review},
  year    = {2005},
}

@InProceedings{Sankaranarayanan2018,
  author    = {Swami Sankaranarayanan and Arpit Jain and Rama Chellappa and Ser Nam Lim},
  booktitle = aaai,
  title     = {Regularizing deep networks using efficient layerwise adversarial training},
  year      = {2017},
}

@InProceedings{fawzi18,
  author    = {Fawzi, Alhussein and Fawzi, Hamza and Fawzi, Omar},
  booktitle = neurips,
  title     = {Adversarial vulnerability for any classifier},
  year      = {2018},
}

@InProceedings{Shah2020,
  author    = {Harshay Shah and Kaustav Tamuly and Aditi Raghunathan and Prateek Jain and Praneeth Netrapalli},
  booktitle = neurips,
  title     = {The Pitfalls of Simplicity Bias in Neural Networks},
  year      = {2020},
}

@InProceedings{goodfellow2014generative,
  author    = {Goodfellow, Ian and Pouget-Abadie, Jean and Mirza, Mehdi and Xu, Bing and Warde-Farley, David and Ozair, Sherjil and Courville, Aaron and Bengio, Yoshua},
  booktitle = neurips,
  title     = {Generative adversarial nets},
  year      = {2014},
}

@InProceedings{Yang2018,
  author    = {Zhilin Yang and Zihang Dai and Ruslan Salakhutdinov and William W. Cohen},
  booktitle = iclr,
  title     = {Breaking the Softmax Bottleneck: {A} High-Rank {RNN} Language Model},
  url       = {https://openreview.net/forum?id=HkwZSG-CZ},
  year      = {2018},
}

@InProceedings{Tran2017,
  author    = {Dustin Tran and Rajesh Ranganath and David M. Blei},
  booktitle = neurips,
  title     = {Hierarchical Implicit Models and Likelihood-Free Variational Inference},
  year      = {2017},
}

@InProceedings{Wielandt1955,
  author    = {Helmut Wielandt},
  booktitle = {Proceedings of the American Mathematical Society},
  title     = {An extremum property of sums of eigenvalues},
  year      = {1955},
}

@InProceedings{Schoenherr2018,
  author    = {Lea Schönherr and Katharina Kohls and Steffen Zeiler and Thorsten Holz and Dorothea Kolossa},
  booktitle = {Network and Distributed System Security Symposium},
  title     = {Adversarial Attacks Against Automatic Speech Recognition Systems via Psychoacoustic Hiding},
  year      = {2018},
}

@InProceedings{jaderberg2014,
  author    = {Jaderberg, Max and Vedaldi, Andrea and Zisserman, Andrew},
  booktitle = bmvc,
  title     = {{Speeding up Convolutional Neural Networks with Low Rank Expansions}},
  year      = {2014},
}

@InProceedings{bartlett2002rademacher,
  author  = {Bartlett, Peter L and Mendelson, Shahar},
  title   = {Rademacher and Gaussian complexities: Risk bounds and structural results},
  journal = jmlr,
  year    = {2002},
}

@InProceedings{Feldman2019,
  author    = {Vitaly Feldman},
  booktitle = stoc,
  title     = {Does Learning Require Memorization? A Short Tale about a Long Tail},
  year      = {2020},
}

@InProceedings{Pham2020,
  author    = {Hieu Pham and Qizhe Xie and Zihang Dai and Quoc V. Le},
  booktitle = cvpr,
  title     = {Meta Pseudo Labels},
  year      = {2020},
}

@InProceedings{Hansen1990,
  author    = {L.K. Hansen and P. Salamon},
  booktitle = {IEEE Transactions on Pattern Analysis and Machine Intelligence},
  title     = {Neural network ensembles},
  year      = {1990},
}

@Article{hotelling1935canonical,
  author  = {Hotelling, Harold},
  title   = {Canonical correlation analysis (cca)},
  journal = {Journal of Educational Psychology},
  year    = {1935},
}

@InProceedings{Jakubovitz_2018_ECCV,
  author    = {Jakubovitz, Daniel and Giryes, Raja},
  booktitle = eccv,
  title     = {Improving DNN Robustness to Adversarial Attacks using Jacobian Regularization},
  year      = {2018},
}

@Article{Lim2017,
  author  = {Jae Hyun Lim and Jong Chul Ye},
  title   = {Geometric GAN},
  journal = {arXiv:1705.02894v2},
  year    = {2017},
}

@InProceedings{williams2001using,
  author    = {Williams, Christopher K I and Seeger, Matthias},
  booktitle = neurips,
  title     = {Using the Nystr{\"{o}}m method to speed up kernel machines},
  year      = {2001},
}

@Article{Ardila2019,
  author  = {Diego Ardila and Atilla P. Kiraly and Sujeeth Bharadwaj and Bokyung Choi and Joshua J. Reicher and Lily Peng and Daniel Tse and Mozziyar Etemadi and Wenxing Ye and Greg Corrado and David P. Naidich and Shravya Shetty},
  title   = {End-to-end lung cancer screening with three-dimensional deep learning on low-dose chest computed tomography},
  journal = {Nature Medicine},
  year    = {2019},
}

@InProceedings{Pereyra2017,
  author    = {Pereyra, Gabriel and Tucker, George and Chorowski, Jan and Kaiser, {\L}ukasz and Hinton, Geoffrey},
  booktitle = iclr,
  title     = {Regularizing Neural Networks by Penalizing Confident Output Distributions},
  year      = {2017},
}

@InProceedings{Hendrycks2019,
  author    = {Dan Hendrycks and Kevin Zhao and Steven Basart and Jacob Steinhardt and Dawn Song},
  booktitle = cvpr,
  title     = {Natural Adversarial Examples},
  year      = {2021},
}

@Article{Koltchinskii2001,
  author  = {V. Koltchinskii},
  title   = {Rademacher penalties and structural risk minimization},
  journal = {{IEEE} Transactions on Information Theory},
  year    = {2001},
}

@Article{roth2019adversarially,
  author  = {Kevin Roth and Aurelien Lucchi and Sebastian Nowozin and Thomas Hofmann},
  title   = {Adversarially Robust Training through Structured Gradient Regularization},
  journal = {arXiv:1805.08736},
  year    = {2019},
}

@InProceedings{bunel2018verification,
  author    = {Bunel, Rudy and Turkaslan, Ilker and Torr, Philip H.S. and Kohli, Pushmeet and Kumar, M. Pawan},
  booktitle = neurips,
  title     = {A Unified View of Piecewise Linear Neural Network Verification},
  year      = {2018},
}

@InProceedings{Sanyal2018a,
  author    = {Sanyal, Amartya and Kusner, Matt and Gascon, Adria and Kanade, Varun},
  booktitle = icml,
  title     = {{TAPAS: Tricks to Accelerated (encrypted) Prediction As a Service}},
  year      = {2018},
}

@InProceedings{GHS:2012,
  author    = {Gentry, Craig and Halevi, Shai and Smart, Nigel P},
  booktitle = atact,
  title     = {Fully homomorphic encryption with polylog overhead},
  year      = {2012},
}

@Article{Geirhos2020,
  author  = {Robert Geirhos and J{\"{o}}rn{-}Henrik Jacobsen and Claudio Michaelis and Richard S. Zemel and Wieland Brendel and Matthias Bethge and Felix A. Wichmann},
  title   = {Shortcut Learning in Deep Neural Networks},
  journal = {Nature Machine Intelligence},
  year    = {2020},
}

@Article{mirsky1960symmetric,
  author  = {Mirsky, Leon},
  title   = {Symmetric gauge functions and unitarily invariant norms},
  journal = {The quarterly journal of mathematics},
  year    = {1960},
}

@InProceedings{Zadrozny2001,
  author    = {Bianca Zadrozny and Charles Elkan},
  booktitle = icml,
  title     = {{Obtaining calibrated probability estimates from decision trees and naive Bayesian classifiers}},
  year      = {2001},
}

@Article{Ji2019,
  author  = {Byeongmoon Ji and Hyemin Jung and Jihyeun Yoon and Kyungyul Kim and Younghak Shin},
  title   = {Bin-wise Temperature Scaling (BTS): Improvement in Confidence Calibration Performance through Simple Scaling Techniques},
  journal = {ICCV 2019 Workshop on Interpreting and Explaining Visual Artificial Intelligence Models},
  year    = {2019},
}

@Article{Angluin1988,
  author  = {Dana Angluin and Philip Laird},
  title   = {Learning from noisy examples},
  journal = {Machine Learning},
  year    = {1988},
}

@InProceedings{Ronneberger2015,
  author    = {Olaf Ronneberger and Philipp Fischer and Thomas Brox},
  booktitle = miccai,
  title     = {U-Net: Convolutional Networks for Biomedical Image Segmentation},
  year      = {2015},
}

@Article{BSHLKPRK:2017,
  author  = {Blecker, Saul and Sontag, David and Horwitz, Leora I and Kuperman, Gilad and Park, Hannah and Reyentovich, Alex and Katz, Stuart D},
  title   = {{Early Identification of Patients With Acute Decompensated Heart Failure}},
  journal = {Journal of cardiac failure},
  year    = {2017},
}

@InProceedings{DM:2015,
  author    = {Ducas, L{\'{e}}o and Micciancio, Daniele},
  booktitle = atact,
  title     = {{FHEW: bootstrapping homomorphic encryption in less than a second}},
  year      = {2015},
}

@InProceedings{Neyshabur2015,
  author    = {Behnam Neyshabur and Ruslan Salakhutdinov and Nathan Srebro},
  booktitle = neurips,
  title     = {Path-SGD: Path-Normalized Optimization in Deep Neural Networks},
  year      = {2015},
}

@TechReport{LFWTech,
  author      = {Gary B. Huang and Manu Ramesh and Tamara Berg and Erik Learned-Miller},
  institution = {University of Massachusetts, Amherst},
  title       = {Labeled Faces in the Wild: A Database for Studying Face Recognition in Unconstrained Environments},
  year        = {2007},
}

@InProceedings{Fan2020,
  author    = {Deng{-}Ping Fan and Ge{-}Peng Ji and Tao Zhou and Geng Chen and Huazhu Fu and Jianbing Shen and Ling Shao},
  booktitle = miccai,
  title     = {PraNet: Parallel Reverse Attention Network for Polyp Segmentation},
  year      = {2020},
}

@InProceedings{neyshabur2015norm,
  author    = {Neyshabur, Behnam and Tomioka, Ryota and Srebro, Nathan},
  booktitle = colt,
  title     = {Norm-based capacity control in neural networks},
  year      = {2015},
}

@Article{bagdasaryan19,
  author  = {Eugene Bagdasaryan and Vitaly Shmatikov},
  title   = {Differential Privacy Has Disparate Impact on Model Accuracy},
  journal = {arXiv:1905.12101},
  year    = {2019},
}
,
  year      = {2001}
}

@Article{Nueesch1991,
  author  = {P. E. Nüesch},
  title   = {Order restricted statistical inference},
  journal = {Journal of Applied Econometrics},
  year    = {1991},
}

@Article{H:2017,
  author    = {Halevi, Shai},
  title     = {{Homomorphic encryption}},
  booktitle = {Tutorials on the Foundations of Cryptography},
  year      = {2017},
}

@InProceedings{Dziugaite2017,
  author    = {Gintare Karolina Dziugaite and Daniel M. Roy},
  booktitle = uai,
  title     = {Computing Nonvacuous Generalization Bounds for Deep (Stochastic) Neural Networks with Many More Parameters than Training Data},
  year      = {2017},
}

@InProceedings{bartlett2017spectrally,
  author    = {Bartlett, Peter L and Foster, Dylan J and Telgarsky, Matus J},
  booktitle = neurips,
  title     = {Spectrally-normalized margin bounds for neural networks},
  year      = {2017},
}

@InProceedings{Li2018smoothing,
  author    = {Bai Li and Changyou Chen and Wenlin Wang and Lawrence Carin},
  title     = {Certified Adversarial Robustness with Additive Noise},
  booktilte = {#neurips#},
  year      = {2019},
}

@InProceedings{Kull2019,
  author    = {Meelis Kull and Miquel Perell{\'{o}}{-}Nieto and Markus K{\"{a}}ngsepp and Telmo de Menezes e Silva Filho and Hao Song and Peter A. Flach},
  booktitle = neurips,
  title     = {Beyond temperature scaling: Obtaining well-calibrated multi-class probabilities with Dirichlet calibration},
  year      = {2019},
}

@InProceedings{Zagoruyko2016,
  author    = {Sergey Zagoruyko and Nikos Komodakis},
  booktitle = bmvc,
  title     = {Wide Residual Networks},
  year      = {2016},
}

@InProceedings{Zhang2020,
  author    = {Chiyuan Zhang and Vitaly Feldman},
  booktitle = neurips,
  title     = {What neural networks memorise and why: Discovering the long tail via Influence Estimation},
  year      = {2020},
}

@InProceedings{Tsuzuku2018,
  author    = {Tsuzuku, Yusuke and Sato, Issei and Sugiyama, Masashi},
  booktitle = neurips,
  title     = {Lipschitz-Margin Training: Scalable Certification of Perturbation Invariance for Deep Neural Networks},
  year      = {2018},
}

@InProceedings{mosaavi2016,
  author    = {Moosavi-Dezfooli, Seyed-Mohsen and Fawzi, Alhussein and Frossard, Pascal},
  booktitle = cvpr,
  title     = {{DeepFool: {\{}A{\}} Simple and Accurate Method to Fool Deep Neural Networks}},
  pages     = {2574--2582},
  year      = {2016},
}

@Article{Alves2004,
  author  = {Tiago Alves and Don Felton},
  title   = {TrustZone: Integrated Hardware and Software Security},
  journal = {White Paper},
  year    = {2004},
}

@Article{blumensath2009iterative,
  author  = {Blumensath, Thomas and Davies, Mike E},
  title   = {{Iterative hard thresholding for compressed sensing}},
  journal = {Applied and computational harmonic analysis},
  year    = {2009},
}

@InProceedings{novak2018sensitivity,
  author    = {Novak, Roman and Bahri, Yasaman and Abolafia, Daniel A and Pennington, Jeffrey and Sohl-Dickstein, Jascha},
  booktitle = iclr,
  title     = {Sensitivity and generalization in neural networks: an empirical study},
  year      = {2018},
}

@InProceedings{BMM+:2017,
  author    = {Florian Bourse and Michele Minelli and Matthias Minihold and Pascal Paillier},
  booktitle = crypto,
  title     = {Fast Homomorphic Evaluation of Deep Discretized Neural Networks},
  year      = {2017},
}

@Article{Srivastava2014,
  author  = {Nitish Srivastava and Geoffrey E. Hinton and Alex Krizhevsky and Ilya Sutskever and Ruslan Salakhutdinov},
  title   = {Dropout: a simple way to prevent neural networks from overfitting},
  journal = jmlr,
  year    = {2014},
}

@InProceedings{Dalvi2004,
  author    = {Nilesh Dalvi and Pedro Domingos and Mausam and Sumit Sanghai and Deepak Verma},
  booktitle = sigkdd,
  title     = {Adversarial classification},
  year      = {2004},
}

@Article{Eckart1936,
  author  = {Eckart, Carl and Young, Gale},
  title   = {{The approximation of one matrix by another of lower rank}},
  journal = {Psychometrika},
  year    = {1936},
}

@InProceedings{chen2018ead,
  author    = {Pin-Yu Chen and Yash Sharma and Huan Zhang and Jinfeng Yi and Cho-Jui Hsieh},
  booktitle = aaai,
  title     = {EAD: Elastic-Net Attacks to Deep Neural Networks via Adversarial Examples},
  year      = {2018},
}

@Article{Gluch2020,
  author  = {Grzegorz Głuch and Rüdiger Urbanke},
  title   = {Query complexity of adversarial attacks},
  journal = {arXiv:2010.01039},
  year    = {2020},
}

@InProceedings{Denton2014,
  author    = {Denton, Emily and Zaremba, Wojciech and Bruna, Joan and LeCun, Yann and Fergus, Rob},
  booktitle = neurips,
  title     = {Exploiting Linear Structure Within Convolutional Networks for Efficient Evaluation},
  year      = {2014},
}

@InProceedings{golowich18a,
  author    = {Golowich, Noah and Rakhlin, Alexander and Shamir, Ohad},
  booktitle = colt,
  title     = {Size-Independent Sample Complexity of Neural Networks},
  year      = {2018},
}

@Article{Lloyd1982,
  author  = {S. Lloyd},
  title   = {Least squares quantization in {PCM}},
  journal = {{IEEE} Transactions on Information Theory},
  year    = {1982},
}

@InProceedings{Wolf2011,
  author    = {Lior Wolf and Tal Hassner and Yaniv Taigman},
  booktitle = {IEEE Transactions on Pattern Analysis and Machine Intelligence},
  title     = {Effective Unconstrained Face Recognition by Combining Multiple Descriptors and Learned Background Statistics},
  year      = {2011},
}

@Article{Dempster1977,
  author  = {A. P. Dempster and N. M. Laird and D. B. Rubin},
  title   = {Maximum Likelihood from Incomplete Data Via {theEMAlgorithm}},
  journal = {Journal of the Royal Statistical Society: Series B (Methodological)},
  year    = {1977},
}

@Article{candes2009exact,
  author  = {Cand{\`e}s, Emmanuel J and Recht, Benjamin},
  title   = {Exact matrix completion via convex optimization},
  journal = {Foundations of Computational mathematics},
  year    = {2009},
}

@InProceedings{madry2018towards,
  author    = {Aleksander Madry and Aleksandar Makelov and Ludwig Schmidt and Dimitris Tsipras and Adrian Vladu},
  booktitle = iclr,
  title     = {Towards Deep Learning Models Resistant to Adversarial Attacks},
  url       = {https://openreview.net/forum?id=rJzIBfZAb},
  year      = {2018},
}

@Misc{tineye,
  title        = {Tineye Wine Engine},
  howpublished = {\url{https://services.tineye.com/WineEngine}},
  note         = {Accessed: 2020-05-10},
}

@InProceedings{Raghunathan2018verification,
  author    = {Aditi Raghunathan and Jacob Steinhardt and Percy Liang},
  booktitle = iclr,
  title     = {Certified Defenses against Adversarial Examples},
  year      = {2018},
}

@InProceedings{Sermanet2014,
  author    = {Sermanet, Pierre and Eigen, David and Zhang, Xiang and Mathieu, Michael and Fergus, Rob and LeCun, Yann},
  booktitle = iclr,
  title     = {OverFeat: Integrated Recognition, Localization and Detection using Convolutional Networks},
  url       = {https://openreview.net/forum?id=Hq5MgBFOP62-X},
  year      = {2014},
}

@Article{hooker2019compressed,
  author  = {Sara Hooker and Aaron Courville and Gregory Clark and Yann Dauphin and Andrea Frome},
  title   = {What Do Compressed Deep Neural Networks Forget?},
  journal = {arXiv:1911.05248},
  year    = {2019},
}

@Article{kamath2020invariance,
  author  = {Sandesh Kamath and Amit Deshpande and K V Subrahmanyam},
  title   = {Invariance vs Robustness of Neural Networks},
  url     = {https://openreview.net/forum?id=HJxp9kBFDS},
  journal = {OpenReview},
  year    = {2020},
}

@InProceedings{Awasthi2020,
  author    = {Pranjal Awasthi and Himanshu Jain and Ankit Singh Rawat and Aravindan Vijayaraghavan},
  booktitle = neurips,
  title     = {Adversarial robustness via robust low rank representations},
  year      = {2020},
}

@Article{kurakin2016adversarial,
  author  = {Kurakin, Alexey and Goodfellow, Ian and Bengio, Samy},
  title   = {{Adversarial machine learning at scale}},
  journal = iclr,
  year    = {2017},
}

@InProceedings{Real2019,
  author    = {Esteban Real and Alok Aggarwal and Yanping Huang and Quoc V. Le},
  booktitle = aaai,
  title     = {Regularized Evolution for Image Classifier Architecture Search},
  year      = {2019},
}

@Article{Chatterji2020,
  author  = {Niladri S. Chatterji and Philip M. Long},
  title   = {Finite-sample analysis of interpolating linear classifiers in the overparameterized regime},
  journal = {arXiv:2004.12019},
  year    = {2020},
}

@InProceedings{donahue2013,
  author    = {Donahue, Jeff and Jia, Yangqing and Vinyals, Oriol and Hoffman, Judy and Zhang, Ning and Tzeng, Eric and Darrell, Trevor},
  booktitle = icml,
  title     = {{DeCAF: A Deep Convolutional Activation Feature for Generic Visual Recognition}},
  year      = {2014},
}

@Book{morozov2012methods,
  author    = {Morozov, Vladimir Alekseevich},
  title     = {Methods for solving incorrectly posed problems},
  publisher = {Springer Science \& Business Media},
  year      = {2012},
}

@InProceedings{engelcke2017vote3deep,
  author    = {Engelcke, Martin and Rao, Dushyant and Wang, Dominic Zeng and Tong, Chi Hay and Posner, Ingmar},
  booktitle = icra,
  title     = {Vote3deep: Fast object detection in 3d point clouds using efficient convolutional neural networks},
  year      = {2017},
}

@Article{F:2010,
  author  = {Fortunato, Santo},
  title   = {{Community detection in graphs}},
  journal = {Physics reports},
  year    = {2010},
}

@Article{Papernot2015,
  author  = {Nicolas Papernot and Patrick McDaniel and Xi Wu and Somesh Jha and Ananthram Swami},
  title   = {Distillation as a Defense to Adversarial Perturbations against Deep Neural Networks},
  journal = {arXiv:1511.04508},
  year    = {2015},
}

@Article{Papernot2016,
  author  = {Nicolas Papernot and Patrick McDaniel and Ian Goodfellow},
  title   = {Transferability in Machine Learning: from Phenomena to Black-Box Attacks using Adversarial Samples},
  journal = {arXiv:1605.07277},
  year    = {2016},
}

@InProceedings{Papernot2017,
  author    = {Nicolas Papernot and Patrick McDaniel and Ian Goodfellow and Somesh Jha and Z. Berkay Celik and Ananthram Swami},
  booktitle = asiaccs,
  title     = {Practical Black-Box Attacks against Machine Learning},
  year      = {2017},
}

@InProceedings{zeiler2014,
  author    = {Zeiler, Matthew D and Fergus, Rob},
  booktitle = eccv,
  title     = {Visualizing and Understanding Convolutional Networks},
  year      = {2014},
}

@InProceedings{graves2013speech,
  author    = {Graves, Alex and Mohamed, Abdel-rahman and Hinton, Geoffrey},
  booktitle = icassp,
  title     = {Speech recognition with deep recurrent neural networks},
  year      = {2013},
}

@InProceedings{Grave2017,
  author    = {Edouard Grave and Armand Joulin and Nicolas Usunier},
  booktitle = iclr,
  title     = {Improving Neural Language Models with a Continuous Cache},
  url       = {https://openreview.net/forum?id=B184E5qee},
  year      = {2017},
}

@Article{SV:2014,
  author  = {Smart, Nigel P and Vercauteren, Frederik},
  title   = {{Fully homomorphic SIMD operations}},
  journal = {Designs, codes and cryptography},
  year    = {2014},
}

@Article{Mises1929,
  author  = {R. V. Mises and H. Pollaczek-Geiringer},
  title   = {Praktische Verfahren der Gleichungsauflösung .},
  journal = {{ZAMM} - Zeitschrift für Angewandte Mathematik und Mechanik},
  year    = {1929},
}

@InProceedings{Lakshminarayan2017,
  author    = {Balaji Lakshminarayanan and Alexander Pritzel and Charles Blundell},
  booktitle = neurips,
  title     = {Simple and scalable predictive uncertainty estimation using deep ensembles},
  year      = {2017},
}

@InProceedings{CHSEB:2016,
  author    = {Courbariaux, Matthieu and Hubara, Itay and Soudry, Daniel and El-Yaniv, Ran and Bengio, Yoshua},
  booktitle = neurips,
  title     = {Binarized neural networks: Training deep neural networks with weights and activations constrained to+ 1 or-1},
  year      = {2016},
}

@InProceedings{hendrycks2019pretraining,
  author  = {Hendrycks, Dan and Lee, Kimin and Mazeika, Mantas},
  title   = {Using Pre-Training Can Improve Model Robustness and Uncertainty},
  journal = icml,
  year    = {2019},
}

@InProceedings{miyato2018spectral,
  author    = {Takeru Miyato and Toshiki Kataoka and Masanori Koyama and Yuichi Yoshida},
  booktitle = iclr,
  title     = {Spectral Normalization for Generative Adversarial Networks},
  url       = {https://openreview.net/forum?id=B1QRgziT-},
  year      = {2018},
}

@Article{CG-BLLR:2017,
  author  = {Chase, Melissa and Gilad-Bachrach, Ran and Laine, Kim and Lauter, Kristin and Rindal, Peter},
  title   = {Private Collaborative Neural Network Learning},
  journal = {IACR Cryptology ePrint Archive},
  year    = {2017},
}

@InProceedings{Thulasidasan2019,
  author    = {Thulasidasan, Sunil and Chennupati, Gopinath and Bilmes, Jeff A and Bhattacharya, Tanmoy and Michalak, Sarah},
  booktitle = neurips,
  title     = {{On Mixup Training: Improved Calibration and Predictive Uncertainty for Deep Neural Networks}},
  year      = {2019},
}

@InProceedings{Sanyal2020Benign,
  author    = {Amartya Sanyal and Puneet K Dokania and Varun Kanade and Philip H. S. Torr},
  booktitle = iclr,
  title     = {How benign is benign overfitting?},
  year      = {2021},
}

@Article{Valiant1984,
  author  = {L. G. Valiant},
  title   = {A theory of the learnable},
  journal = {Communications of the {ACM}},
  year    = {1984},
}

@InProceedings{Jiang2020Fantastic,
  author    = {Yiding Jiang* and Behnam Neyshabur* and Hossein Mobahi and Dilip Krishnan and Samy Bengio},
  booktitle = iclr,
  title     = {Fantastic Generalization Measures and Where to Find Them},
  url       = {https://openreview.net/forum?id=SJgIPJBFvH},
  year      = {2020},
}

@InProceedings{Tramer2020,
  author   = {Florian Tramer and Nicholas Carlini and Wieland Brendel and Aleksander Madry},
  title    = {On Adaptive Attacks to Adversarial Example Defenses},
  booktile = {#neurips#},
  year     = {2020},
}

@InProceedings{pmlr-v97-cohen19c,
  author    = {Cohen, Jeremy and Rosenfeld, Elan and Kolter, Zico},
  booktitle = icml,
  title     = {Certified Adversarial Robustness via Randomized Smoothing},
  year      = {2019},
}

@InProceedings{Santurkar2018,
  author    = {Shibani Santurkar and Dimitris Tsipras and Andrew Ilyas and Aleksander Madry},
  booktitle = neurips,
  title     = {How Does Batch Normalization Help Optimization?},
  year      = {2018},
}

@InProceedings{Liu2018,
  author    = {Rosanne Liu and Joel Lehman and Piero Molino and Felipe Petroski Such and Eric Frank and Alex Sergeev and Jason Yosinski},
  booktitle = neurips,
  title     = {An intriguing failing of convolutional neural networks and the CoordConv solution},
  year      = {2018},
}

@Article{Belkin2019,
  author  = {Mikhail Belkin and Daniel Hsu and Ji Xu},
  title   = {Two models of double descent for weak features},
  journal = {SIAM Journal on Mathematics of Data Science},
  year    = {2019},
}

@InProceedings{kumar2009ensemble,
  author    = {Kumar, Sanjiv and Mohri, Mehryar and Talwalkar, Ameet},
  booktitle = neurips,
  title     = {Ensemble Nystr{\"{o}}m method},
  year      = {2009},
}

@InProceedings{li2019adversarial,
  author    = {Li, Juncheng and Schmidt, Frank and Kolter, Zico},
  booktitle = icml,
  title     = {Adversarial camera stickers: A physical camera-based attack on deep learning systems},
  year      = {2019},
}

@InProceedings{Belkin2018,
  author    = {Belkin, Mikhail and Hsu, Daniel J and Mitra, Partha},
  booktitle = neurips,
  title     = {Overfitting or perfect fitting? Risk bounds for classification and regression rules that interpolate},
  year      = {2018},
}

@InProceedings{G-BDL+:2016,
  author    = {Gilad-Bachrach, Ran and Dowlin, Nathan and Laine, Kim and Lauter, Kristin and Naehrig, Michael and Wernsing, John},
  booktitle = icml,
  title     = {{CryptoNets: Applying Neural Networks to Encrypted Data with High Throughput and Accuracy}},
  year      = {2016},
}

@InProceedings{goodfellow2014explaining,
  author    = {Goodfellow, Ian J. and Shlens, Jonathon and Szegedy, Christian},
  booktitle = iclr,
  title     = {{Explaining and Harnessing Adversarial Examples}},
  year      = {2015},
}

@InProceedings{Kumar2019a,
  author    = {Kumar, Ananya and Liang, Percy S and Ma, Tengyu},
  booktitle = neurips,
  title     = {{Verified Uncertainty Calibration}},
  year      = {2019},
}

@Article{HCSEB:2016,
  author  = {Hubara, Itay and Courbariaux, Matthieu and Soudry, Daniel and El-Yaniv, Ran and Bengio, Yoshua},
  title   = {Quantized neural networks: Training neural networks with low precision weights and activations},
  journal = jmlr,
  year    = {2016},
}

@Article{Tomar2021,
  author  = {Nikhil Kumar Tomar and Debesh Jha and Michael A. Riegler and H{\aa}vard D. Johansen and Dag Johansen and Jens Rittscher and P{\aa}l Halvorsen and Sharib Ali},
  title   = {FANet: {A} Feedback Attention Network for Improved Biomedical Image Segmentation},
  journal = {arXiv:2103.17235},
  year    = {2021},
}

@InProceedings{GR:1994,
  author    = {Ghosh, Sushmito and Reilly, Douglas L},
  booktitle = icss,
  title     = {{Credit card fraud detection with a neural-network}},
  year      = {1994},
}

@InProceedings{WZZ+:2013,
  author    = {Wan, Li and Zeiler, Matthew and Zhang, Sixin and Cun, Yann Le and Fergus, Rob},
  booktitle = icml,
  title     = {{Regularization of neural networks using dropconnect}},
  year      = {2013},
}

@InProceedings{dhillon2018stochastic,
  author    = {Guneet S. Dhillon and Kamyar Azizzadenesheli and Jeremy D. Bernstein and Jean Kossaifi and Aran Khanna and Zachary C. Lipton and Animashree Anandkumar},
  booktitle = iclr,
  title     = {Stochastic activation pruning for robust adversarial defense},
  url       = {https://openreview.net/forum?id=H1uR4GZRZ},
  year      = {2018},
}

@InProceedings{Oyallon_2017_CVPR,
  author    = {Oyallon, Edouard},
  booktitle = cvpr,
  title     = {Building a regular decision boundary with deep networks},
  year      = {2017},
}

@InProceedings{sanyal2020stable,
  author    = {Amartya Sanyal and Philip H. Torr and Puneet K. Dokania},
  booktitle = iclr,
  title     = {Stable Rank Normalization for Improved Generalization in Neural Networks and {\{}GAN{\}}s},
  url       = {https://openreview.net/forum?id=H1enKkrFDB},
  year      = {2020},
}

@InProceedings{tramer2018ensemble,
  author    = {Florian Tramèr and Alexey Kurakin and Nicolas Papernot and Ian Goodfellow and Dan Boneh and Patrick McDaniel},
  booktitle = iclr,
  title     = {Ensemble Adversarial Training: Attacks and Defenses},
  url       = {https://openreview.net/forum?id=rkZvSe-RZ},
  year      = {2018},
}

@Article{Corless1996,
  author  = {Corless, Robert M and Gonnet, Gaston H and Hare, David EG and Jeffrey, David J and Knuth, Donald E},
  title   = {{On the Lambert W Function}},
  journal = {Advances in Computational Mathematics},
  year    = {1996},
}

@InProceedings{szegedy2013intriguing,
  author    = {Szegedy, Christian and Zaremba, Wojciech and Sutskever, Ilya and Bruna, Joan and Erhan, Dumitru and Goodfellow, Ian and Fergus, Rob},
  booktitle = iclr,
  title     = {{Intriguing properties of neural networks}},
  year      = {2013},
}

@InProceedings{muller2019does,
  author    = {M{\"u}ller, Rafael and Kornblith, Simon and Hinton, Geoffrey E},
  booktitle = neurips,
  title     = {When does label smoothing help?},
  year      = {2019},
}

@InProceedings{yang2018characterizing,
  author    = {Zhuolin Yang and Bo Li and Pin-Yu Chen and Dawn Song},
  booktitle = iclr,
  title     = {Characterizing Audio Adversarial Examples Using Temporal Dependency},
  url       = {https://openreview.net/forum?id=r1g4E3C9t7},
  year      = {2019},
}

@Book{strang1993introduction,
  author    = {Strang, Gilbert},
  title     = {Introduction to Linear Algebra},
  publisher = {Wellesley-Cambridge Press Wellesley, MA},
  year      = {1993},
}

@InProceedings{Lin2014,
  author    = {Lin, Min and Chen, Qiang and Yan, Shuicheng},
  booktitle = iclr,
  title     = {{Network In Network}},
  url       = {https://openreview.net/forum?id=ylE6yojDR5yqX},
  year      = {2014},
}

@InProceedings{Lin2017,
  author    = {Tsung-Yi Lin and Priya Goyal and Ross Girshick and Kaiming He and Piotr Doll{\'a}r},
  booktitle = iccv,
  title     = {{Focal Loss for Dense Object Detection}},
  year      = {2017},
}

@InProceedings{Ross2018,
  author  = {Andrew Slavin Ross and Finale Doshi-Velez},
  title   = {Improving the Adversarial Robustness and Interpretability of Deep Neural Networks by Regularizing their Input Gradients},
  journal = aaai,
  year    = {2018},
}

@Book{Meyer2000MAA,
  author    = {Meyer, Carl D},
  title     = {{Matrix Analysis and Applied Linear Algebra}},
  publisher = {Society for Industrial and Applied Mathematics},
  year      = {2000},
}

@Misc{tesla,
  title        = {Tesla Autopilot AI},
  howpublished = {\url{https://www.tesla.com/en_GB/autopilotAI}},
  note         = {Accessed: 2020-05-10},
}

@Article{bousquet2002stability,
  author  = {Bousquet, Olivier and Elisseeff, Andr{\'e}},
  title   = {Stability and generalization},
  journal = jmlr,
  year    = {2002},
}

@Misc{tapas,
  title        = {{TAPAS} -- Tricks for Accelerating (encrypted) Prediction As a Service},
  howpublished = {\url{https://github.com/amartya18x/tapas}},
  key          = {TAPAS},
  year         = {2018},
}

@InProceedings{neyshabur2018a,
  author    = {Behnam Neyshabur and Srinadh Bhojanapalli and Nathan Srebro},
  booktitle = iclr,
  title     = {A {PAC}-Bayesian Approach to Spectrally-Normalized Margin Bounds for Neural Networks},
  url       = {https://openreview.net/forum?id=Skz_WfbCZ},
  year      = {2018},
}

@Misc{Dua:2019,
  author = {Dua, Dheeru and Graff, Casey},
  title  = {{UCI} Machine Learning Repository},
  url    = {http://archive.ics.uci.edu/ml},
  year   = {2017},
}

@InProceedings{wong2018provable,
  author    = {Wong, Eric and Kolter, Zico},
  booktitle = icml,
  title     = {Provable defenses against adversarial examples via the convex outer adversarial polytope},
  year      = {2018},
}

@InProceedings{belkin19a,
  author    = {Belkin, Mikhail and Rakhlin, Alexander and Tsybakov, Alexandre B.},
  booktitle = aistats,
  title     = {Does data interpolation contradict statistical optimality?},
  year      = {2019},
}

@InProceedings{Wenzel2020HowGI,
  author    = {F. Wenzel and Kevin Roth and Bastiaan S. Veeling and J. Swiatkowski and L. Tran and S. Mandt and Jasper Snoek and Tim Salimans and Rodolphe Jenatton and S. Nowozin},
  booktitle = icml,
  title     = {How Good is the Bayes Posterior in Deep Neural Networks Really?},
  year      = {2020},
}

@InProceedings{Li2019,
  author    = {Mingchen Li and Mahdi Soltanolkotabi and Samet Oymak},
  booktitle = aistats,
  title     = {Gradient Descent with Early Stopping is Provably Robust to Label Noise for Overparameterized Neural Networks},
  year      = {2020},
}

@InProceedings{Sanyal2020LR,
  author    = {Amartya Sanyal and Puneet Dokania and Varun Kanade and Philip H.S. Torr},
  booktitle = {ICML Workshop on Theoretical Foundations and Applications of Deep Generative Models},
  title     = {Robustness via deep Low-Rank Representations},
  year      = {2018},
}

@Misc{salesforce,
  title        = {Salesforce Einstein Vision},
  howpublished = {\url{https://metamind.readme.io/docs/what-is-the-predictive-vision-service}},
  note         = {Accessed: 2020-05-10},
}

@InProceedings{Jacobsen2019,
  author    = {J{\"{o}}rn{-}Henrik Jacobsen and Jens Behrmann and Richard S. Zemel and Matthias Bethge},
  booktitle = iclr,
  title     = {Excessive Invariance Causes Adversarial Vulnerability},
  url       = {https://openreview.net/forum?id=BkfbpsAcF7},
  year      = {2019},
}

@InProceedings{Hanin2019,
  author    = {Boris Hanin and David Rolnick},
  booktitle = icml,
  title     = {Complexity of Linear Regions in Deep Networks},
  year      = {2019},
}

@Article{blpr18,
  author  = {S{\'{e}}bastien Bubeck and Yin Tat Lee and Eric Price and Ilya P. Razenshteyn},
  title   = {Adversarial examples from computational constraints},
  journal = {arXiv:1811.06418},
  year    = {2018},
}

@Article{Wilson2020,
  author    = {Andrew Gordon Wilson and Pavel Izmailov},
  title     = {Bayesian Deep Learning and a Probabilistic Perspective of Generalization},
  booktitle = icml,
  year      = {2020},
}

@InProceedings{Gen:2009,
  author    = {Gentry, Craig},
  booktitle = stoc,
  title     = {Fully Homomorphic Encryption Using Ideal Lattices},
  year      = {2009},
}

@InProceedings{Ioffe2015,
  author    = {Sergey Ioffe and Christian Szegedy},
  booktitle = icml,
  title     = {Batch Normalization: Accelerating Deep Network Training by Reducing Internal Covariate Shift},
  year      = {2015},
}

@InProceedings{arora2017gans,
  author    = {Arora, Sanjeev and Zhang, Yi},
  booktitle = iclr,
  title     = {Do GANs learn the distribution? Some Theory and Empirics},
  year      = {2018},
}

@InProceedings{Kumar2018,
  author    = {Aviral Kumar and Sunita Sarawagi and Ujjwal Jain},
  booktitle = icml,
  title     = {{Trainable Calibration Measures For Neural Networks From Kernel Mean Embeddings}},
  year      = {2018},
}

@Article{Brier1950verification,
  author  = {Brier, Glenn W},
  title   = {Verification of forecasts expressed in terms of probability},
  journal = {Monthly weather review},
  year    = {1950},
}

@InProceedings{akhtar2018defence,
  author    = {Akhtar, Naveed and Liu, Jian and Mian, Ajmal},
  booktitle = cvpr,
  title     = {Defense against universal adversarial perturbations},
  year      = {2018},
}

@InProceedings{IS:2015,
  author    = {Ioffe, Sergey and Szegedy, Christian},
  booktitle = icml,
  title     = {{Batch normalization: Accelerating deep network training by reducing internal covariate shift}},
  year      = {2015},
}

@Article{CWMMP:2017,
  author  = {Chabanne, Herv{\'{e}} and de Wargny, Amaury and Milgram, Jonathan and Morel, Constance and Prouff, Emmanuel},
  title   = {{Privacy-preserving classification on deep neural network.}},
  journal = {IACR Cryptology ePrint Archive},
  year    = {2017},
}

@Article{Hunt2018,
  author  = {Tyler Hunt and Congzheng Song and Reza Shokri and Vitaly Shmatikov and Emmett Witchel},
  title   = {Chiron: Privacy-preserving Machine Learning as a Service},
  journal = {arXiv:1803.05961},
  year    = {2018},
}

@InProceedings{NiculescuMizil2005,
  author    = {Alexandru Niculescu-Mizil and Rich Caruana},
  booktitle = icml,
  title     = {{Predicting Good Probabilities With Supervised Learning}},
  year      = {2005},
}

@InProceedings{schmidt2018adversarially,
  author    = {Schmidt, Ludwig and Santurkar, Shibani and Tsipras, Dimitris and Talwar, Kunal and Madry, Aleksander},
  booktitle = neurips,
  title     = {Adversarially robust generalization requires more data},
  year      = {2018},
}

@InProceedings{Goldreich1987,
  author    = {O. Goldreich and S. Micali and A. Wigderson},
  booktitle = stoc,
  title     = {How to play {ANY} mental game},
  year      = {1987},
}

@InProceedings{kumar2009sampling,
  author    = {Kumar, Sanjiv and Mohri, Mehryar and Talwalkar, Ameet},
  booktitle = aistats,
  title     = {Sampling techniques for the nystrom method},
  year      = {2009},
}

@InProceedings{lee2018snip,
  author    = {Namhoon Lee and Thalaiyasingam Ajanthan and Philip Torr},
  booktitle = iclr,
  title     = {SNIP: Single Shot Network Pruning based on Network Connectivity},
  url       = {https://openreview.net/forum?id=B1VZqjAcYX},
  year      = {2019},
}

@InProceedings{Wang2019,
  author    = {Chenguang Wang and Mu Li and Alexander J. Smola},
  booktitle = interspeech,
  title     = {Language Models with Transformers},
  year      = {2019},
}

@InProceedings{Naeini2015,
  author    = {Mahdi Pakdaman Naeini and Gregory F Cooper and Milos Hauskrecht},
  booktitle = aaai,
  title     = {{Obtaining Well Calibrated Probabilities Using Bayesian Binning}},
  year      = {2015},
}

@InProceedings{Costan2016,
  author    = {Victor Costan and Ilia Lebedev and Srinivas Devadas},
  booktitle = usenix,
  title     = {Sanctum: Minimal Hardware Extensions for Strong Software Isolation},
  year      = {2016},
}

@InProceedings{Vaicenavicius2019,
  author    = {Juozas Vaicenavicius and David Widmann and Carl Andersson and Fredrik Lindsten and Jacob Roll and Thomas B Sch{\"o}n},
  booktitle = aistats,
  title     = {{Evaluating model calibration in classification}},
  year      = {2019},
}

@InProceedings{Carlini2017,
  author    = {Nicholas Carlini and David Wagner},
  booktitle = isp,
  title     = {Towards Evaluating the Robustness of Neural Networks},
  year      = {2017},
}

@Article{Goibert2019smoothing,
  author  = {Morgane Goibert and Elvis Dohmatob},
  title   = {Adversarial Robustness via Label-Smoothing},
  journal = {arXiv:1906.11567},
  year    = {2019},
}

@Article{Platt1999,
  author  = {John Platt},
  title   = {{Probabilistic Outputs for Support Vector Machines and Comparisons to Regularized Likelihood Methods}},
  journal = {Advances in Large Margin Classifiers},
  year    = {1999},
}

@Article{K:2001,
  author  = {Kononenko, Igor},
  title   = {{Machine learning for medical diagnosis: history, state of the art and perspective}},
  journal = {Artificial Intelligence in medicine},
  year    = {2001},
}

@Misc{tilde,
  title        = {Tilde Neural Machine Translation},
  howpublished = {\url{https://www.tilde.com/products-and-services/machine-translation/neural-machine-translation}},
  note         = {Accessed: 2020-05-10},
}

@InProceedings{Biggio2018,
  author    = {Battista Biggio and Fabio Roli},
  booktitle = asigsac,
  title     = {Wild Patterns: Ten Years After the Rise of Adversarial Machine Learning},
  year      = {2018},
}

@InProceedings{heusel2017gans,
  author    = {Heusel, Martin and Ramsauer, Hubert and Unterthiner, Thomas and Nessler, Bernhard and Hochreiter, Sepp},
  booktitle = neurips,
  title     = {Gans trained by a two time-scale update rule converge to a local nash equilibrium},
  year      = {2017},
}

@Article{BV:2014a,
  author  = {Brakerski, Zvika and Vaikuntanathan, Vinod},
  title   = {{Efficient fully homomorphic encryption from (standard) LWE}},
  journal = {SIAM Journal on Computing},
  year    = {2014},
}

@InProceedings{RRK:2017,
  author    = {Rouhani, Bita Darvish and Riazi, M Sadegh and Koushanfar, Farinaz},
  booktitle = aisdac,
  title     = {{DeepSecure: Scalable Provably-Secure Deep Learning}},
  year      = {2017},
}

@Book{PCA2002a,
  author    = {I.T. Jolliffe},
  title     = {Principal Component Analysis},
  publisher = {Springer-Verlag},
  year      = {2002},
}

@InProceedings{cheng2017maximum,
  author    = {Cheng, Chih-Hong and N{\"u}hrenberg, Georg and Ruess, Harald},
  booktitle = isatva,
  title     = {Maximum resilience of artificial neural networks},
  year      = {2017},
}

@Article{Hinton2006,
  author  = {Hinton, G E and Salakhutdinov, R R},
  title   = {{Reducing the dimensionality of data with neural networks.}},
  journal = {Science},
  year    = {2006},
}

@InProceedings{Carlini2017a,
  author    = {Carlini, Nicholas and Wagner, David},
  booktitle = aisec,
  title     = {Adversarial examples are not easily detected: Bypassing ten detection methods},
  year      = {2017},
}

@InProceedings{ehlers2017formal,
  author    = {Ehlers, Ruediger},
  booktitle = isatva,
  title     = {Formal verification of piece-wise linear feed-forward neural networks},
  year      = {2017},
}

@InProceedings{GSW:2013,
  author    = {Gentry, Craig and Sahai, Amit and Waters, Brent},
  booktitle = crypto,
  title     = {{Homomorphic encryption from learning with errors: Conceptually-simpler, asymptotically-faster, attribute-based}},
  year      = {2013},
}

@InProceedings{pmlr-v97-yin19b,
  author    = {Yin, Dong and Kannan, Ramchandran and Bartlett, Peter},
  booktitle = icml,
  title     = {Rademacher Complexity for Adversarially Robust Generalization},
  year      = {2019},
}

@Article{halko2011finding,
  author  = {Halko, Nathan and Martinsson, Per-Gunnar and Tropp, Joel A},
  title   = {{Finding structure with randomness: Probabilistic algorithms for constructing approximate matrix decompositions}},
  journal = {SIAM review},
  year    = {2011},
}

@Article{Lang1995,
  author    = {Ken Lang},
  title     = {NewsWeeder: Learning to Filter Netnews},
  booktitle = {Machine Learning Proceedings 1995},
  publisher = {Elsevier},
  year      = {1995},
}

@InProceedings{Socher2013,
  author    = {Socher, Richard and Perelygin, Alex and Wu, Jean and Chuang, Jason and Manning, Christopher D and Ng, Andrew and Potts, Christopher},
  booktitle = emnlp,
  title     = {Recursive Deep Models for Semantic Compositionality Over a Sentiment Treebank},
  year      = {2013},
}

@Article{Liang2018,
  author  = {Tengyuan Liang and Alexander Rakhlin},
  title   = {Just Interpolate: Kernel "Ridgeless" Regression Can Generalize},
  journal = {Annals of Statistics},
  year    = {2020},
}

@InProceedings{Merity2018,
  author    = {Stephen Merity and Nitish Shirish Keskar and Richard Socher},
  booktitle = iclr,
  title     = {Regularizing and Optimizing {LSTM} Language Models},
  url       = {https://openreview.net/forum?id=SyyGPP0TZ},
  year      = {2018},
}

@InProceedings{RWT+:2017,
  author    = {M. Sadegh Riazi and Christian Weinert and Oleksandr Tkachenko and Ebrahim M. Songhori and Thomas Schneider and Farinaz Koushanfar},
  booktitle = asiaccs,
  title     = {Chameleon: A Hybrid Secure Computation Framework for Machine Learning Applications},
  year      = {2017},
}

@InProceedings{ramachandran2018searching,
  author    = {Prajit Ramachandran and Barret Zoph and Quoc V. Le},
  booktitle = iclrws,
  title     = {Searching for Activation Functions},
  url       = {https://openreview.net/forum?id=SkBYYyZRZ},
  year      = {2018},
}

@Article{Muthukumar2020,
  author  = {Vidya Muthukumar and Kailas Vodrahalli and Vignesh Subramanian and Anant Sahai},
  title   = {Harmless interpolation of noisy data in regression},
  journal = {{IEEE} Journal on Selected Areas in Information Theory},
  year    = {2020},
}

@InProceedings{KS:2015,
  author    = {Kim, Minje and Smaragdis, Paris},
  booktitle = {ICML Workshop on Resource-Efficient Machine Learning},
  title     = {Bitwise neural networks},
  year      = {2015},
}

@InProceedings{Hendrycks2016detecting,
  author  = {Dan Hendrycks and Kevin Gimpel},
  title   = {Early Methods for Detecting Adversarial Images},
  journal = iclr,
  year    = {2016},
}

@InProceedings{CBD:2015,
  author    = {Courbariaux, Matthieu and Bengio, Yoshua and David, Jean-Pierre},
  booktitle = neurips,
  title     = {Binaryconnect: Training deep neural networks with binary weights during propagations},
  year      = {2015},
}

@InProceedings{Jorge2020Force,
  author    = {Pau de Jorge and Amartya Sanyal and Harkirat S. Behl and Philip H. S. Torr and Gregory Rogez and Puneet K. Dokania},
  booktitle = iclr,
  title     = {Progressive Skeletonization: Trimming more fat from a network at initialization},
  year      = {2021},
}

@InProceedings{Sukhbaatar2019,
  author    = {Sainbayar Sukhbaatar and Edouard Grave and Piotr Bojanowski and Armand Joulin},
  booktitle = {Annual Meeting of the Association for Computational Linguistics},
  title     = {Adaptive Attention Span in Transformers},
  year      = {2019},
}

@Article{HHI-LNPST:2017,
  author  = {Hardy, Stephen and Henecka, Wilko and Ivey-Law, Hamish and Nock, Richard and Patrini, Giorgio and Smith, Guillaume and Thorne, Brian},
  title   = {{Private federated learning on vertically partitioned data via entity resolution and additively homomorphic encryption}},
  journal = {arXiv:1711.10677},
  year    = {2017},
}

@InProceedings{Wong2020Fast,
  author    = {Eric Wong and Leslie Rice and J. Zico Kolter},
  booktitle = iclr,
  title     = {Fast is better than free: Revisiting adversarial training},
  url       = {https://openreview.net/forum?id=BJx040EFvH},
  year      = {2020},
}

@InProceedings{VanMerrienboer2017,
  author    = {van Merri{\"{e}}nboer, Bart and Sanyal, Amartya and Larochelle, Hugo and Bengio, Yoshua},
  booktitle = {ICML Workshop on Machine Learning in Speech and Language Processing},
  title     = {{Multiscale sequence modeling with a learned dictionary}},
  year      = {2017},
}

@InProceedings{Sinha2020diversity,
  author    = {Samarth Sinha and Homanga Bharadhwaj and Anirudh Goyal and Hugo Larochelle and Animesh Garg and Florian Shkurti},
  booktitle = aaai,
  title     = {Diversity inducing Information Bottleneck in Model Ensembles},
  year      = {2020},
}

@InProceedings{liu2015faceattributes,
  author    = {Ziwei Liu and Ping Luo and Xiaogang Wang and Xiaoou Tang},
  booktitle = iccv,
  title     = {Deep Learning Face Attributes in the Wild},
  year      = {2015},
}

@Article{Oktay2020,
  author  = {Ozan Oktay and Jay Nanavati and Anton Schwaighofer and David Carter and Melissa Bristow and Ryutaro Tanno and Rajesh Jena and Gill Barnett and David Noble and Yvonne Rimmer and Ben Glocker and Kenton O'Hara and Christopher Bishop and Javier Alvarez-Valle and Aditya Nori},
  title   = {Evaluation of Deep Learning to Augment Image-Guided Radiotherapy for Head and Neck and Prostate Cancers},
  journal = {{JAMA} Network Open},
  year    = {2020},
}

@InProceedings{Ovadia2019,
  author    = {Ovadia, Yaniv and Fertig, Emily and Ren, Jie and Nado, Zachary and Sculley, D and Nowozin, Sebastian and Dillon, Joshua V and Lakshminarayanan, Balaji and Snoek, Jasper},
  booktitle = neurips,
  title     = {Can You Trust Your Model's Uncertainty? Evaluating Predictive Uncertainty Under Dataset Shift},
  year      = {2019},
}

@InProceedings{KSH:2012,
  author    = {Krizhevsky, Alex and Sutskever, Ilya and Hinton, Geoffrey E},
  booktitle = neurips,
  title     = {Imagenet classification with deep convolutional neural networks},
  year      = {2012},
}

@InProceedings{kurakin2016,
  author     = {Kurakin, Alexey and Goodfellow, Ian and Bengio, Samy},
  title      = {{Adversarial examples in the physical world}},
  booktitlea = {#iclrws#},
  year       = {2016},
}

@Book{vapnik1998statistical,
  author    = {Vapnik, Vladimir},
  title     = {Statistical learning theory. 1998},
  publisher = {Wiley, New York},
  year      = {1998},
}

@InProceedings{HZWV:2017,
  author    = {Huang, Gao and Liu, Zhuang and Weinberger, Kilian Q and van der Maaten, Laurens},
  booktitle = cvpr,
  title     = {{Densely connected convolutional networks}},
  pages     = {3},
  year      = {2017},
}

@InProceedings{cisse17a,
  author    = {Moustapha Cisse and Piotr Bojanowski and Edouard Grave and Yann Dauphin and Nicolas Usunier},
  booktitle = icml,
  title     = {Parseval Networks: Improving Robustness to Adversarial Examples},
  year      = {2017},
}

@InProceedings{wei2019,
  author    = {Colin Wei and Tengyu Ma},
  booktitle = neurips,
  title     = {Data-dependent Sample Complexity of Deep Neural Networks via Lipschitz Augmentation},
  year      = {2019},
}
